@Misc{swiftify,
	title = {Swiftify | Objective-C to Swift Converter},
	howpublished = {\url{https://objectivec2swift.com/}}
}

@Misc{objc2swift,
	title = {objc2swift - The Open Source Obj-C to Swift Converter},
	howpublished = {\url{http://objc2swift.yahoo-labs.jp}}
}

@Misc{iswift,
	title = {Convert Objective-C to Swift Online | iSwift},
	howpublished = {\url{http://iswift.org}}
}

@Misc{libclang,
	title = {clang: libclang: C Interface to Clang},
	howpublished = {\url{http://clang.llvm.org/doxygen/group__CINDEX.html}}
}